@article{wilson_ci,
    author = {Wilson, E. B.},
    year = {1927},
    title = {Probable inference, the law of succession, and statistical inference},
    journal = {Journal of the American Statistical Assoc. ({JASA})},
    volume = {22},
    pages = {209--212}
}

@article{lbfgs,
    author = {Liu, Dong C. and Nocedal, Jorge},
    journal = {Mathematical Programming},
    month = {Aug},
    number = {1},
    pages = {503--528},
    publisher = {Springer Berlin / Heidelberg},
    title = {{On the limited memory BFGS method for large scale optimization}},
    volume = {45},
    year = {1989}
}

@article{inf_diffusion,
 author = {J. Brown and P. Reinegen},
 title = {Social Ties and Word-of-Mouth Referral Behavior},
 journal = {Journal of Consumer Research}, 
 volume = {1}, 
 number = {3}, 
 pages = {350--362},
 year = {1987}
}

@article{fab,
 author = {Balabanovi\'{c}, Marko and Shoham, Yoav},
 title = {Fab: content-based, collaborative recommendation},
 journal = {Communications of the {ACM}},
 volume = {40},
 issue = {3},
 month = {March},
 year = {1997},
 pages = {66--72},
 numpages = {7},
 publisher = {ACM},
 address = {New York, NY, USA}
} 

@inproceedings{newsweeder,
  author = {Lang, K.},
  booktitle = {12th International Conference on Machine Learning {ICML-95}},
  pages = {331--339},
  title = {{NewsWeeder}: Learning to Filter Netnews},
  year = 1995
}


@INPROCEEDINGS{svm,
    author = {Corinna Cortes and Vladimir Vapnik},
    title = {Support-Vector Networks},
    booktitle = {Machine Learning},
    year = {1995},
    pages = {273--297}
}

@inproceedings{spectral,
  author = {Ng, A. and Jordan, M. and Weiss, Y.},
  title = {On spectral clustering: Analysis and an algorithm},
  booktitle = {{NIPS} 14},
  url = {citeseer.ist.psu.edu/ng01spectral.html},
  year = 2001
}

@article{collab_filtering, 
 author = {Resnick, Paul and Varian, Hal R.},
 title = {Recommender systems},
 journal = {Communications of the ACM},
 volume = {40},
 issue = {3},
 month = {March},
 year = {1997},
 issn = {0001-0782},
 pages = {56--58},
 numpages = {3},
 publisher = {ACM},
 address = {New York, NY, USA}
} 

@inproceedings{ste,
  title = {Learning to recommend with social trust ensemble},
  author = {H. Ma and I. King and M. R. Lyu},
  booktitle = {SIGIR-09},
  year = {2009}
}

@inproceedings{lla,
  title = {Like like alike: Joint Friendship and Interest Propagation in Social Networks},
  author = {S. H. Yang and B. Long and A. Smola and N. Sadagopan and Z. Zheng and H. Zha},
  booktitle = {WWW-11},
  year = {2011}
}

@inproceedings{glfm,
  title = {Generalized Latent Factor Models for Social Network Analysis},
  author = {Wu-Jun Li and Dit-Yan Yeung and Zhihua Zhang},
  booktitle = {IJCAI-11},
  year = {2011}
}

@inproceedings{tf,
  title = {Learning Optimal Ranking with Tensor Factorization for Tag Recommendation}, 
  author = {S. Rendle and L. B. Marinho and A. Nanopoulos and L. Schmidt-Thieme},
  booktitle = {KDD-09},
  year = {2009}
}

@inproceedings{sorec,
  title = {SoRec: Social Recommendation using Probabilistic Matrix Factorization},
  author = {H. Ma and H. Yang and M. R. Lyu and I. King},
  booktitle = {CIKM-08},
  year = {2008}
}

@inproceedings{sr,
  title = {Recommender systems with social regularization},
  author = {Hao Ma and Dengyong Zhou and Chao Liu and Michael R. Lyu and Irwin King},
  booktitle = {WSDM-11},
  year = {2011}
}

@inproceedings{rrmf,
  title = {Relation Regularized Matrix Factorization},
  author = {Wu-Jun Li and Dit-Yan Yeung},
  booktitle = {IJCAI-09},
  year = {2009}
}

@inproceedings{bisim,
  title = {Learning Bidirectional Similarity for Collaborative Filtering},
  author = {Bin Cao and Jian-Tao Sun and Jianmin Wu and Qiang Yang and Zheng Chen},
  booktitle = {ECML-08},
  year = {2008}
}

@inproceedings{socinf,
  author = {Peng Cui and Fei Wang and Shaowei Liu and Mingdong Ou and Shiqiang Yang},
  title = {Who Should Share What? Item-level Social Influence Prediction for Users and Posts Ranking},
  booktitle = {International ACM SIGIR Conference (SIGIR)},
  year = {2011}
}

@inproceedings{matchbox,
  author    = {David H. Stern and
               Ralf Herbrich and
               Thore Graepel},
  title     = {Matchbox: large scale online bayesian recommendations},
  booktitle = {WWW-09},
  year      = {2009},
  pages     = {111-120}
}

@article{conitzer-jair-09,
  AUTHOR =       {Vincent Conitzer},
  TITLE =        {Eliciting Single-Peaked Preferences Using Comparison Queries},
  JOURNAL =      {Journal of Artificial Intelligence Research},
  YEAR =         {2009},
  volume =       {35},
  pages =        {161--191},
}

   @article{jones-jgo-01,
 author = {Donald R. Jones},
 title = {A Taxonomy of Global Optimization Methods Based on Response Surfaces},
 journal = {Journal of Global Optimization},
 volume = {21},
 number = {4},
 year = {2001},
 issn = {0925-5001},
 pages = {345--383},
 publisher = {Kluwer Academic Publishers},
 address = {Hingham, MA, USA},
 }  
@incollection{bonilla-et-al-nips-08,
 title = {Multi-task Gaussian Process Prediction},
 author = {Edwin V. Bonilla and Kian Ming A. Chai and Christopher K. I. Williams},
 booktitle = {Advances in Neural Information Processing Systems 20},
 editor = {J.C. Platt and D. Koller and Y. Singer and S. Roweis},
 publisher = {MIT Press},
 address = {Cambridge, MA},
 pages = {153--160},
 year = {2008}
}

 @inproceedings{kamishima-kdd-03,
 author = {Kamishima, Toshihiro},
 title = {Nantonac collaborative filtering: recommendation based on order responses},
 booktitle = {KDD '03: Proceedings of the ninth ACM SIGKDD international 
conference on Knowledge discovery and data mining},
 year = {2003},
 isbn = {1-58113-737-0},
 pages = {583--588},
 location = {Washington, D.C.},
 doi = {http://doi.acm.org/10.1145/956750.956823},
 publisher = {ACM},
 address = {New York, NY, USA},
 }

% cause they use sushi dataset
@inproceedings{huang-guestrin-nips-09,
title = {Riffled Independence for Ranked Data},
author = {Jonathan Huang and Carlos Guestrin},
booktitle = {In Advances in Neural Information Processing Systems (NIPS)},
month = {December},
year = {2009},
address = {Vancouver, Canada},
}
 
@article{birlutiu-et-al-neuro-10,
 author = {Birlutiu, Adriana and Groot, Perry and Heskes, Tom},
 title = {Multi-task preference learning with an application to hearing aid 
personalization},
 journal = {Neurocomputing},
 volume = {73},
 number = {7-9},
 year = {2010},
 pages = {1177--1185},
 publisher = {Elsevier Science Publishers B. V.},
 address = {Amsterdam, The Netherlands, The Netherlands},
 }

@inproceedings{chu-Ghahramani-icml-05,
 author = {Chu, Wei and Ghahramani, Zoubin},
 title = {Preference learning with {G}aussian processes},
 booktitle = {Proceedings of the 22nd 
international conference on Machine learning},
 year = {2005},
 pages = {137--144},
 location = {Bonn, Germany},
 publisher = {ACM},
 address = {New York, NY, USA},
 }
@article{chu-Ghahramani-jmlr-05,
 author = {Chu, Wei and Ghahramani, Zoubin},
 title = {Gaussian Processes for Ordinal Regression},
 journal = {Journal of Machine Learning Research},
 volume = {6},
 year = {2005},
 pages = {1019--1041},
 publisher = {JMLR.org},
 }

@incollection{brochu-et-al-nips-08,
 title = {Active Preference Learning with Discrete Choice Data},
 author = {Brochu Eric and Nando De Freitas and Abhijeet Ghosh},
 booktitle = {Advances in Neural Information Processing Systems 20},
 editor = {J.C. Platt and D. Koller and Y. Singer and S. Roweis},
 publisher = {MIT Press},
 address = {Cambridge, MA},
 pages = {409--416},
 year = {2008}
}


@inproceedings{yu-et-al-icml-05,
 author = {Yu, Kai and Tresp, Volker and Schwaighofer, Anton},
 title = {Learning {G}aussian processes from multiple tasks},
 booktitle = {Proceedings of the 22nd international conference on Machine learning},
 year = {2005},
 isbn = {1-59593-180-5},
 pages = {1012--1019},
 location = {Bonn, Germany},
 doi = {http://doi.acm.org/10.1145/1102351.1102479},
 publisher = {ACM},
 address = {New York, NY, USA},
 }


@Article{howard-ieee-66,
  author = 	 {Howard, R.A.},
  title = 	 {Information value theory},
  journal = 	 {IEEE Transactions on Systems Science and
 Cybernetics},
  year = 	 {1966},
  volume = 	 {2},
  number = 	 {1},
  pages = 	 {22-26}
}



@inproceedings{chajewska-et-al-aaai-00,
 author = {Chajewska, Urszula and Koller, Daphne and Parr, Ronald},
 title = {Making Rational Decisions Using Adaptive Utility Elicitation},
 booktitle = {Proceedings of the Seventeenth National 
Conference on Artificial Intelligence and Twelfth 
Conference on Innovative Applications of Artificial Intelligence},
 year = {2000},
 pages = {363--369},
 publisher = {AAAI Press / The MIT Press},
 }

@InProceedings{guo-sanner-aistats-10,
  author = 	 {S. Guo and S. Sanner},
  title = 	 {Real-time Multiattribute {B}ayesian Preference 
Elicitation with Pairwise Comparison Queries },
  booktitle = {Thirteenth International Conference on
Artificial Intelligence and Statistics},
  year = 	 {2010},
  note = 	 {},
}

@article{candela-rasmussen-jmlr-05,
 author = {Qui\~{n}onero-Candela, Joaquin and Rasmussen, Carl Edward},
 title = {A Unifying View of Sparse Approximate {G}aussian Process Regression},
 journal = {Journal of Machine Learning Research},
 volume = {6},
 year = {2005},
 issn = {1532-4435},
 pages = {1939--1959},
 publisher = {JMLR.org},
 }
 
% Shengbo's references
@INPROCEEDINGS{boutilier02239,
 author = {Craig Boutilier},
 title = {A {POMDP} formulation of preference elicitation problems},
 booktitle = {Proceedings of the 18th National Conference on Artificial Intelligence},
 year = {2002},
 isbn = {0-262-51129-0},
 pages = {239--246},
 location = {Edmonton, Alberta, Canada},
 publisher = {American Association for Artificial Intelligence},
 address = {Menlo Park, CA, USA},
 }

@INPROCEEDINGS{Chajewska00utilitiesas,
    author = {Urszula Chajewska and Daphne Koller},
    title = {Utilities as Random Variables: Density Estimation and Structure Discovery},
    booktitle = {Proceedings of the 16th Conference on Uncertainty in Artificial Intelligence},
    year = {2000},
    pages = {63--71},
    publisher = {Morgan Kaufmann Publishers Inc.},
}

@ARTICLE{conitzer09161,
  AUTHOR =       {Vincent Conitzer},
  TITLE =        {Eliciting Single-Peaked Preferences Using Comparison Queries},
  JOURNAL =      {Journal of Artificial Intelligence Research},
  YEAR =         {2009},
  volume =       {35},
  number =       {},
  pages =        {161--191},
  month =        {},
  note =         {},
  abstract =     {},
  keywords =     {},
  source =       {},
}

@INPROCEEDINGS{viappiani09Regret-basedOptimalRecommendationSetsConversational,
  AUTHOR =       {Paolo Viappiani and Craig Boutilier},
  TITLE =        {Regret-based optimal recommendation sets in conversational recommender systems},
  BOOKTITLE =    {Proceedings of the third ACM conference on Recommender systems},
  YEAR =         {2009},
  editor =       {},
  volume =       {},
  number =       {},
  series =       {},
  pages =        {101--108},
  address =      {New York City, NY, USA},
  month =        {October},
  organization = {},
  publisher =    {ACM},
  note =         {},
  abstract =     {},
  keywords =     {},
}

@ARTICLE{bradley52324,
  AUTHOR =       {Ralph Allan Bradley and Milton E. Terry},
  TITLE =        {Rank Analysis of Incomplete Block Designs: The Method of Paired Comparison},
  JOURNAL =      {Biometrika},
  YEAR =         {1952},
  volume =       {39},
  number =       {},
  pages =        {324--345},
  month =        {December},
  note =         {},
  abstract =     {},
  keywords =     {},
  source =       {},
}

@InProceedings{pmf,
author=         "Ruslan Salakhutdinov and Andriy Mnih",
title=          "Probabilistic Matrix Factorization",
booktitle=      "{NIPS} 20",
year=           "2008"
}

@inproceedings{bellkor,
  title = {Scalable Collaborative Filtering with Jointly Derived Neighborhood Interpolation Weights},
  author = {Robert M. Bell and Yehuda Koren},
  booktitle = {ICDM-07},
  year = {2007}
}

@misc{netflix,
  title = {The BigChaos Solution to the Netflix Grand Prize},
  author = {Andreas Toscher and Michael Jahrer},
  year = {2009}
}

@manual{libsvm,
  title = {LIBSVM: a Library for Support Vector Machines},
  author = {Chih-Chung Chang and Chih-Jen Lin},
  year = {2001}  
}

@MISC{matrix,
    author       = {Kaare Brandt Petersen and Michael Syskind Pedersen},
    title        = {The Matrix Cookbook},
    year         = {2008},
    publisher    = {Technical University of Denmark}
}
